@online{imt_software_wiki,
    author = "NTNU, Department of Marine Technology", 
    title = "IMT Software Wiki - LaTeX", 
    url = "https://www.ntnu.no/wiki/display/imtsoftware/LaTeX", 
}

@article{Phillipp_2018,
    title = {Modeling approaches for precise relativistic orbits: Analytical, Lie-series, and pN approximation},
    journal = {Advances in Space Research},
    volume = {62},
    number = {4},
    pages = {921-934},
    year = {2018},
    issn = {0273-1177},
    doi = {https://doi.org/10.1016/j.asr.2018.05.020},
    url = {https://www.sciencedirect.com/science/article/pii/S0273117718304162},
    author = {Dennis Philipp and Florian Woeske and Liliane Biskupek and Eva Hackmann and Enrico Mai and Meike List and Claus Lämmerzahl and Benny Rievers},
}

@article{Everhart_1985,
    title={An efficient integrator that uses Gauss-Radau spacings},
    volume={83},
    DOI={10.1017/S0252921100083913},
    journal={International Astronomical Union Colloquium},
    author={Everhart, Edgar},
    year={1985},
    pages={185–202}
}

@article{IEEE-754,
    author={Microprocessor Standards Committee of the IEEE Computer Society},
    journal={IEEE Std 754-2019 (Revision of IEEE 754-2008)}, 
    title={IEEE Standard for Floating-Point Arithmetic}, 
    year={2019},
    volume={},
    number={},
    pages={18},
    url = {https://ieeexplore.ieee.org/stamp/stamp.jsp?tp=&arnumber=8766229}
}

@misc{Giorgini_1996,
       author = {{Giorgini}, J.~D. and {Yeomans}, D.~K. and {Chamberlin}, A.~B. and {Chodas}, P.~W. and {Jacobson}, R.~A. and {Keesey}, M.~S. and {Lieske}, J.~H. and {Ostro}, S.~J. and {Standish}, E.~M. and {Wimberly}, R.~N.},
        title = "{JPL's On-Line Solar System Data Service}",
    booktitle = {AAS/Division for Planetary Sciences Meeting Abstracts \#28},
         year = 1996,
       series = {AAS/Division for Planetary Sciences Meeting Abstracts},
       volume = {28},
        month = sep,
          eid = {25.04},
        pages = {25.04},
       adsurl = {https://ui.adsabs.harvard.edu/abs/1996DPS....28.2504G},
      adsnote = {Provided by the SAO/NASA Astrophysics Data System}
}

@article{Clemence_1949,
    ISSN = {0003049X},
    URL = {http://www.jstor.org/stable/3143142},
    author = {G. M. Clemence},
    journal = {Proceedings of the American Philosophical Society},
    number = {7},
    pages = {532--534},
    publisher = {American Philosophical Society},
    title = {Relativity Effects in Planetary Motion},
    urldate = {2025-03-01},
    volume = {93},
    year = {1949}
}

@book{Kepler_1609,
    title = {Astronomia nova},
    author = {Kepler, Johannes},
    translator = {Donahue, William H},
    publisher = {Green Lion Press},
    year = {2015},
    url = {https://nla.gov.au/nla.cat-vn7579269},
    isbn = {9781888009477},
    language = {English},
    note = {Originally published 1609 in Latin}
}

@article{Rein_2012,
       author = {{Rein}, H. and {Liu}, S. -F.},
        title = "{REBOUND: an open-source multi-purpose N-body code for collisional dynamics}",
      journal = {Astronomy \& Astrophysics},
     keywords = {methods: numerical, planets and satellites: rings, protoplanetary disks, Astrophysics - Earth and Planetary Astrophysics, Astrophysics - Instrumentation and Methods for Astrophysics, Mathematics - Dynamical Systems, Physics - Computational Physics},
         year = 2012,
        month = jan,
       volume = {537},
          eid = {A128},
        pages = {A128},
          doi = {10.1051/0004-6361/201118085},
archivePrefix = {arXiv},
       eprint = {1110.4876},
 primaryClass = {astro-ph.EP},
       adsurl = {https://ui.adsabs.harvard.edu/abs/2012A&A...537A.128R},
      adsnote = {Provided by the SAO/NASA Astrophysics Data System}
}

@article{Wisdom_1991,
       author = {{Wisdom}, Jack and {Holman}, Matthew},
        title = "{Symplectic maps for the N-body problem.}",
      journal = {The Astronomical Journal},
     keywords = {Many Body Problem, Planetary Evolution, Pluto (Planet), Astronomical Maps, Gravitational Effects, Physics (General)},
         year = 1991,
        month = oct,
       volume = {102},
        pages = {1528-1538},
          doi = {10.1086/115978},
       adsurl = {https://ui.adsabs.harvard.edu/abs/1991AJ....102.1528W},
      adsnote = {Provided by the SAO/NASA Astrophysics Data System}
}

@article{Rein_2014,
       author = {{Rein}, H. and {Tamayo}, D},
        title = "{WHFAST: a fast and unbiased implementation of a symplectic Wisdom-Holman integrator for long-term gravitational simulations}",
      journal = {Monthly Notices of the Royal Astronomical Society},
     keywords = {gravitation, methods: numerical, planets and satellites: dynamical evolution and stability, Astrophysics - Earth and Planetary Astrophysics, Astrophysics - Instrumentation and Methods for Astrophysics, Mathematics - Numerical Analysis, Nonlinear Sciences - Chaotic Dynamics, Physics - Computational Physics},
         year = 2015,
        month = sep,
       volume = {452},
       number = {1},
        pages = {376-388},
          doi = {10.1093/mnras/stv1257},
archivePrefix = {arXiv},
       eprint = {1506.01084},
 primaryClass = {astro-ph.EP},
       adsurl = {https://ui.adsabs.harvard.edu/abs/2015MNRAS.452..376R},
      adsnote = {Provided by the SAO/NASA Astrophysics Data System}
}

@article{Rein_2015,
    author = {{Rein}, H. and {Spiegel}, D. S.},
    title = "{IAS15: a fast, adaptive, high-order integrator for gravitational dynamics, accurate to machine precision over a billion orbits}",
    journal = {Monthly Notices of the Royal Astronomical Society},
    keywords = {gravitation, methods: numerical, planets and satellites: dynamical evolution and stability, Astrophysics - Earth and Planetary Astrophysics, Astrophysics - Instrumentation and Methods for Astrophysics, Astrophysics - Solar and Stellar Astrophysics, Mathematics - Numerical Analysis},
    year = 2015,
    month = jan,
    volume = {446},
    number = {2},
    pages = {1424-1437},
    doi = {10.1093/mnras/stu2164},
    archivePrefix = {arXiv},
    eprint = {1409.4779},
    primaryClass = {astro-ph.EP},
    adsurl = {https://ui.adsabs.harvard.edu/abs/2015MNRAS.446.1424R},
    adsnote = {Provided by the SAO/NASA Astrophysics Data System}
}

@article{Tamayo_2019,
   title={REBOUNDx: a library for adding conservative and dissipative forces to otherwise symplectic N-body integrations},
   volume={491},
   ISSN={1365-2966},
   url={http://dx.doi.org/10.1093/mnras/stz2870},
   DOI={10.1093/mnras/stz2870},
   number={2},
   journal={Monthly Notices of the Royal Astronomical Society},
   publisher={Oxford University Press (OUP)},
   author={Tamayo, D. and Rein, H. and Shi, P. and Hernandez, D. M.},
   year={2019},
   month=oct, pages={2885–2901} }
